@inproceedings{grimmelsman2006challenges,
  title={Challenges in operational modal analysis of suspension bridges},
  author={Grimmelsman, KA and Aktan, AE},
  booktitle={Proc., Int. Conf. Noise and Vibration Engineering, ISMAâ€™06},
  year={2006}
}

@article{celebi2000gps,
  title={GPS in dynamic monitoring of long-period structures},
  author={Celebi, Mehmet},
  journal={Soil Dynamics and Earthquake Engineering},
  volume={20},
  number={5},
  pages={477--483},
  year={2000},
  publisher={Elsevier}
}

@article{meo2006measurements,
  title={Measurements of dynamic properties of a medium span suspension bridge by using the wavelet transforms},
  author={Meo, Michele and Zumpano, G and Meng, Xiaolin and Cosser, Emily and Roberts, Gethin and Dodson, Alan},
  journal={Mechanical systems and signal processing},
  volume={20},
  number={5},
  pages={1112--1133},
  year={2006},
  publisher={Elsevier}
}

@article{xu2002time,
  title={Time--frequency analysis of a suspension bridge based on GPS},
  author={Xu, L and Guo, JJ and Jiang, JJ},
  journal={Journal of Sound and Vibration},
  volume={254},
  number={1},
  pages={105--116},
  year={2002},
  publisher={Elsevier}
}

@article{pakzad2009statistical,
  title={Statistical analysis of vibration modes of a suspension bridge using spatially dense wireless sensor network},
  author={Pakzad, Shamim N and Fenves, Gregory L},
  journal={Journal of structural engineering},
  volume={135},
  number={7},
  pages={863--872},
  year={2009},
  publisher={American Society of Civil Engineers}
}