@techreport{ArcGIS2012,
  title       = "U.S. Potential Offshore Wind Energy",
  institution = "ArcGIS",
  year        = "2012"
}

@techreport{Windpower2008,
  author      = "Windpower",
  title       = "The Betz limit ",
  institution = "Wind Power Program",
  year        = "2008"
}

@article{ZekaiŞen2012,
  author  = "Zekai Şen",
  title   = "Wind Velocity Vertical Extrapolation by Extended Power Law",
  journal = "Advances in Meteorology",
  year    = "2012",
  url     = "http://www.hindawi.com/journals/amete/2012/178623/cta/"
}

@techreport{NOAA2013,
  author      = "NOAA",
  title       = "Historical Data Download",
  institution = "National Oceanic and Atmospheric Administration",
  year        = "2013"
}