@proceeding{PPS,
author = {D., Mills},
title = {Pulse-per-second (PPS) Signal Interfacing},
journal = {NTP R&D Project},
volume = {},
number = {},
pages = {},
year = {2010},
doi = {},
URL = {http://doc.ntp.org/4.1.1/pps.htm},
eprint = {}
}

@proceeding{GPSD,
author = { Gary E., Miller and Eric S., Raymond},
title = {GPSD Time Service HOWTO},
journal = {The GPSD project},
volume = {1.1},
number = {},
pages = {},
year = {2013},
doi = {},
URL = {http://www.catb.org/gpsd/gpsd-time-service-howto.html},
eprint = {}
}

@proceeding{NTP,
author = { J., Burbank and W., Kasch and J., Martin and D., Mills},
title = { Network Time Protocol Version 4: Protocol and Algorithms Specification},
journal = {Internet Engineering Task Force},
volume = {5905},
number = {},
pages = {},
year = {2010},
doi = {},
URL = {http://tools.ietf.org/html/rfc5905},
eprint = {}
}