@phdthesis{JangSWMWSS,
  author = "Jang, Shin Ae",
  title  = "Structural Health Monitoring for Bridge Structures Using Wireless Smart Sensors",
  school = "University of Illinois at Urbana-Champaign",
  year   = "2011",
  month  = "January"
}

@article{Cunha_Caetano,
  author  = "Cunha, \'{A}lvaro, and Caetano, Elsa",
  title   = "Experimental modal analysis of civil engineering structures",
  journal = "Sound and Vibration",
  year    = "2006",
  volume  = "40",
  number  = "6",
  pages   = "12-20"
}

@book{MusaJouaneh:2013,
  author    = "Musa Jouaneh",
  title     = "Fundamentals of Mechatronics",
  publisher = "Global Engineering",
  year      = "2013",
  isbn      = "978-1-111-56901-3"
}

@article{WaltKester:2005,
  author  = "Walt Kester",
  title   = "Which ADC Architecture is Right for Your APplication",
  journal = "Analog Dialogue",
  year    = "2005",
  volume  = "06",
  number  = "39",
  month   = "June",
  url     = "http://www.analog.com/library/analogdialogue/archives/39-06/architecture.pdf"
}

@manual{BruceHunterandPatrickRowland:2008,
  title        = "Linear Regulator Design Guide for LDOs",
  author       = "Bruce Hunter and Patrick Rowland",
  organization = "Texas Instruments",
  month        = "June",
  year         = "2008",
  url          = "http://www.ti.com/lit/an/slva118a/slva118a.pdf"
}

@proceeding{GPSTimeSync,
author = {Kim, R. and Nagayama, T. and Jo, H. and Spencer, Jr., B. F.},
title = {Preliminary study of low-cost GPS receivers for time synchronization of wireless sensors},
journal = {Proc. SPIE},
volume = {8345},
number = {},
pages = {83451A-83451A-9},
year = {2012},
doi = {10.1117/12.915394},
URL = { http://dx.doi.org/10.1117/12.915394},
eprint = {}
}

@manual{HemantAshokDeshmukh:2009,
  title        = "Guidelines for selecting op amps for your ADC",
  author       = "Hemant Ashok Deshmukh",
  organization = "Texas Instruments Inc.",
  year         = "2009",
  url          = "http://www.eetindia.co.in/STATIC/PDF/200911/EEIOL_2009NOV27_SIG_TA_01.pdf?SOURCES=DOWNLOAD"
}

@book{ArtofElectronics,
 author = {Horowitz, P. and Hill, W.},
 title = {The Art of Electronics},
 year = {1989},
 isbn = {0-521-37095-7},
 publisher = {Cambridge University Press},
 address = {New York, NY, USA},
} 