@techreport{OmegaEngineeering:2013,
  author      = "Omega Engineeering",
  title       = "Omega's Transactions in Measurement \& Control",
  institution = "Omega Engineeering",
  year        = "2013"
}
@techreport{VTIInstruments:2013,
  author      = "VTI Instruments",
  title       = "Practical Strain Measurements",
  institution = "VTI Instruments",
  year        = "2013"
}		

@misc{Structurae:2013,
  author = "Structurae",
  title  = "Claiborne Pell Bridge",
  month  = "July",
  year   = "2013",
  url    = "http://structurae.net/structures/data/index.cfm?id=s0000541"
}