@misc{gareis2003surfaced,
  title={Surfaced cable filler},
  author={Gareis, G.},
  url={http://www.google.com/patents/US20030230427},
  year={2003},
  month=dec # "~18",
  publisher={Google Patents},
  note={US Patent App. 10/425,502}
}

@misc{Kistler,
  author       = "Kistler.com",
  title        = "The New Minnesota Smart Bridge",
  howpublished = "Online",
  note         = "via MNME.com",
  url          = "http://www.mnme.com/pdf/smartbridge.pdf"
}


@misc{DimensionEngineering,
  author       = "Dimension Engineering",
  title        = "A beginnerâ€™s guide to accelerometers",
  howpublished = "Online",
  url          = "http://www.dimensionengineering.com/info/accelerometers"
}


@masterthesis{MSY.SivaPrasad:2011,
  author = "MSY. Siva Prasad",
  title  = "Design Simulation \& Fabrication of Micromachined Acceleration Sensor",
  school = "Jawaharlal Nehru Technological University",
  year   = "2011",
  url    = "http://shodhganga.inflibnet.ac.in:8080/jspui/bitstream/10603/2272/10/10_chapter%204.pdf"
}
